@ARTICLE{Takahashi2010,
   author = {{Takahashi}, Y.~D. and {Ade}, P.~A.~R. and {Barkats}, D. and 
	{Battle}, J.~O. and {Bierman}, E.~M. and {Bock}, J.~J. and {Chiang}, H.~C. and 
	{Dowell}, C.~D. and {Duband}, L. and {Hivon}, E.~F. and {Holzapfel}, W.~L. and 
	{Hristov}, V.~V. and {Jones}, W.~C. and {Keating}, B.~G. and 
	{Kovac}, J.~M. and {Kuo}, C.~L. and {Lange}, A.~E. and {Leitch}, E.~M. and 
	{Mason}, P.~V. and {Matsumura}, T. and {Nguyen}, H.~T. and {Ponthieu}, N. and 
	{Pryke}, C. and {Richter}, S. and {Rocha}, G. and {Yoon}, K.~W.
	},
    title = "{Characterization of the BICEP Telescope for High-precision Cosmic Microwave Background Polarimetry}",
  journal = {\apj},
archivePrefix = "arXiv",
   eprint = {0906.4069},
 primaryClass = "astro-ph.CO",
 keywords = {cosmic background radiation, cosmology: observations, gravitational waves, inflation, instrumentation: polarimeters, telescopes},
     year = 2010,
    month = mar,
   volume = 711,
    pages = {1141-1156},
      doi = {10.1088/0004-637X/711/2/1141},
   adsurl = {http://adsabs.harvard.edu/abs/2010ApJ...711.1141T},
  adsnote = {Provided by the SAO/NASA Astrophysics Data System}
}

